[gd_scene load_steps=6 format=2]

[ext_resource path="res://World.gd" type="Script" id=1]
[ext_resource path="res://core1.tscn" type="PackedScene" id=2]
[ext_resource path="res://cobra.tscn" type="PackedScene" id=3]
[ext_resource path="res://Pivot.tscn" type="PackedScene" id=4]

[sub_resource type="RectangleShape2D" id=1]
extents = Vector2( 48, 761.938 )

[node name="World" type="Node2D"]
script = ExtResource( 1 )

[node name="RigidBody2D" type="RigidBody2D" parent="."]
position = Vector2( -25.3868, 320.508 )
mode = 1
gravity_scale = 0.0

[node name="CollisionShape2D" type="CollisionShape2D" parent="RigidBody2D"]
position = Vector2( -22.6132, -0.507996 )
shape = SubResource( 1 )

[node name="CollisionShape2D2" type="CollisionShape2D" parent="RigidBody2D"]
position = Vector2( 1353.39, -16.508 )
shape = SubResource( 1 )

[node name="CollisionShape2D3" type="CollisionShape2D" parent="RigidBody2D"]
position = Vector2( 625.387, 447.492 )
rotation = -1.57079
shape = SubResource( 1 )

[node name="CollisionShape2D4" type="CollisionShape2D" parent="RigidBody2D"]
position = Vector2( 601.387, -368.508 )
rotation = -1.57079
shape = SubResource( 1 )

[node name="anaconda" parent="." instance=ExtResource( 2 )]
position = Vector2( 280, 168 )
mass = 1299.0
sleeping = true

[node name="anaconda2" parent="." instance=ExtResource( 2 )]
position = Vector2( 320, 96 )
mass = 1299.0
sleeping = true

[node name="cobra" parent="." instance=ExtResource( 3 )]
position = Vector2( 1656, 472 )
mass = 229.0

[node name="Pivot" parent="." instance=ExtResource( 4 )]
